<?xml version="1.0" encoding="UTF-8"?><collection xmlns="http://www.loc.gov/MARC21/slim"><record><leader>00554nam--2200193-i-4500</leader><controlfield tag="001">000009285</controlfield><controlfield tag="002">20161230</controlfield><controlfield tag="005">20161230201028</controlfield><controlfield tag="008">060222s1000------------r-----000-0-eng-d</controlfield><datafield ind1=" " ind2=" " tag="040"><subfield code="a">IFIN-HH</subfield></datafield><datafield ind1=" " ind2=" " tag="080"><subfield code="a">51:53:62</subfield></datafield><datafield ind1="1" ind2=" " tag="100"><subfield code="a">Dettman, John W</subfield></datafield><datafield ind1="1" ind2="0" tag="245"><subfield code="a">Mathematical methods in physics and engineering</subfield><subfield code="c">John w. dettmen</subfield></datafield><datafield ind1=" " ind2=" " tag="250"><subfield code="a">Second Edition</subfield></datafield><datafield ind1=" " ind2=" " tag="260"><subfield code="a">New York</subfield><subfield code="b">Mcgraw-hill Book Co</subfield><subfield code="c">1969</subfield></datafield><datafield ind1=" " ind2=" " tag="300"><subfield code="a">XI+428P</subfield></datafield><datafield ind1=" " ind2=" " tag="490"><subfield code="a">International Series In Pure And Applied Mathematics</subfield></datafield><datafield ind1=" " ind2=" " tag="852"><subfield code="a">32850</subfield><subfield code="c">53.02</subfield></datafield><datafield ind1=" " ind2=" " tag="CAT"><subfield code="a">Sys</subfield><subfield code="c">20151021</subfield><subfield code="h">091452</subfield></datafield></record></collection>